@manuel{106,
    author={TU Dortmund},
    title={Versuchsanleitung zu Versuch-Nr. 106 - Gekoppelte Pendel},
    date={2016-12-27},
    url={http://129.217.224.2/HOMEPAGE/MEDPHYS/BACHELOR/AP/SKRIPT/GekoppeltePendel.pdf}
    }

@manuel{frankfurt,
    author={uni-frankfurt.de},
    date={2016-12-29},
    url={https://elearning.physik.uni-frankfurt.de/data/FB13-PhysikOnline/lm_data/lm_281/modul_2/teil_6/node50.html}
    }

@manuel{darmstadt,
    author={tu-darmstadt.de},
    date={2016-12-29},
    url={ftp://download.mmag.hrz.tu-darmstadt.de/pub/HRZ/elc/OpenLearnWare/Bauingenieurwesen/2004_Lerneinheiten_Lange/kurse/kurs_02_stabi/06a.html}
    }
