@manuel{504,
  author={TU Dortmund},
  title={Versuchsanleitung zu Versuch Nr. 504 - Thermische Elektronenemission},
  date={2017-05-25},
  url={http://129.217.224.2/HOMEPAGE/MEDPHYS/BACHELOR/AP/SKRIPT/V704.pdf}
}

@online{na,
  title={spektrum.de},
  date={2017-07-04},
  url={http://www.spektrum.de/lexikon/physik/austrittsarbeit/1067}
}
