@online{chemie,
  title={Chemie.de},
  date={2016-11-15},
  url={http://www.chemie.de/lexikon/Eigenschaften_des_Wassers.html},
}

@manuel{TU,
  author={TU Dortmund},
  title={Versuchsanleitung zu Versuch Nr. 203 Verdampfungsw√§rme und Dampfdruck-Kurve},
  year=2016,
  }
