@manuel{101,
author={TU Dortmund},
title={Versuchsanleitung zu Versuch Nr. 101 - Das Tr√§gheitsmoment},
date={2016-12-21}
}
