@manuel{606,
  author={TU Dortmund},
  title={Versuchsanleitung zu Versuch Nr. 606 - Messung der Suszeptibilit√§t
  paramagnetischer Substanzen},
  date={2017-04-10},
  url={http://129.217.224.2/HOMEPAGE/MEDPHYS/BACHELOR/AP/SKRIPT/V606.pdf}
}
