@manuel{301,
  author={TU Dortmund},
  date={2016-12-01}
  }
