@manuel{206,
    author={TU Dortmund},
    date={2016-12-13}
    }
