@manuel{704,
  author={TU Dortmund},
  title={Versuchsanleitung zu Versuch Nr. 704 - Absorption von $\gamma$- und
  $\beta$-Strahlung},
  date={2017-05-25},
  url={http://129.217.224.2/HOMEPAGE/MEDPHYS/BACHELOR/AP/SKRIPT/V704.pdf}
}

@online{rad,
  title={Elektronenradius},
  date={2017-05-26},
  url={http://universal_lexikon.deacademic.com/233304/Elektronenradius}
  }

@online{avo,
  title={Avogadro-Konstante},
  date={2017-05-30},
  url={http://www.chemie.de/lexikon/Avogadro-Konstante.html}
  }

@online{dichte,
  title={Dichte der Absorber},
  date={2017-05-30},
  url={http://www.schulmodell.eu/index.php/physik/503-dichte-fester-stoffe.html}
  }

  @online{Mpb,
    title={Molekulare Masse von Blei},
    date={2017-05-30},
    url={http://www.periodensystem.info/elemente/blei/}
    }

@online{Mfe,
  title={Molekulare Masse von Eisen},
  date={2017-05-30},
  url={http://www.periodensystem.info/elemente/eisen/}}
