@manuel{704,
  author={TU Dortmund},
  title={Versuchsanleitung zu Versuch Nr. 704 - Absorption von $\beta$- und $\gammaÂ§-Strahlung},
  date={2017-05-25},
  url={http://129.217.224.2/HOMEPAGE/MEDPHYS/BACHELOR/AP/SKRIPT/V704.pdf}
}
