@manuel{503,
    author={TU Dortmund},
    title={Versuchsanleitung zu Versuch Nr. 503 - Der Millikan-Öltröpfchenversuch},
    date={2017-04-29},
    url={http://129.217.224.2/HOMEPAGE/MEDPHYS/BACHELOR/AP/SKRIPT/Millikan.pdf}
}
