@manuel{354,
  author={TU Dortmund},
  date={2016-12-09}
  }
