@manuel{us2,
    author={TU Dortmund},
    title={Versuchsanleitung zu Versuch Nr. US2: Scanverfahren in der Ultraschalltechnik},
    date={2017-04-13},
    url={http://129.217.224.2/HOMEPAGE/MEDPHYS/BACHELOR/AP/SKRIPT/UltraschallScan.pdf}
    }
@manuel{spektrum,
    author={Spektrum.de},
    title={Schallgeschwindigkeit},
    url={http://www.spektrum.de/lexikon/physik/schallgeschwindigkeit/12796}
}

@manuel{olympus,
    author={olympus-ims.com},
    title={Ultrasonic Velocities in Common Materials},
    url={http://www.olympus-ims.com/de/ndt-tutorials/thickness-gage/appendices-velocities/}
}
