@manuel{703,
    author={TU Dortmund},
    title={Versuchsanleitung zu Versuch-Nr. 703 - Das Geiger-Müller-Zählrohr},
    date={2017-04-15},
    url={http://129.217.224.2/HOMEPAGE/MEDPHYS/BACHELOR/AP/SKRIPT/V703.pdf}
}
