@manuel{102,
    author={TU Dortmund},
    date={2016-12-21}
    }
