@manuel{406,
    author={TU Dortmund},
    title={Versuchsanleitung zu Versuch-Nr. 406 - Beugung am Spalt},
    date={2017-04-23},
    url={http://129.217.224.2/HOMEPAGE/MEDPHYS/BACHELOR/AP/SKRIPT/V406.pdf}
}

@manuel{leifi,
    title={HUYGENS'sches Prinzip},
    date={2017-04-23},
    url={http://www.leifiphysik.de/optik/wellenmodell-des-lichts/ausblick}
    }
