@online{enet,
  title={elektroniknet.de},
  date={2016-11-18},
  url={http://www.elektroniknet.de/halbleiter/schwache-signale-mit-lock-in-verstaerkern-hochgenau-messen-113780.html}
  }

@online{chemie,
  title={chemie.de},
  date={2016-12-08},
  url={http://www.chemie.de/lexikon/Kugelwelle.html}
  }
@manuel{303,
  author={TU Dortmund},
  date={2016-11-16}
  }
