@manuel{601,
  author={TU Dortmund},
  date={2017-04-16}
  }
