@manuel{test,
  author = {pascal},
}

@online{enet,
  title={http://www.elektroniknet.de/},
  date={2016-11-18},
  url={http://www.elektroniknet.de/halbleiter/schwache-signale-mit-lock-in-verstaerkern-hochgenau-messen-113780.html}
  }

@manuel{303,
  author={TU Dortmund},
  date={2016-11-16} 
  }
