@manuel{us3,
    title={Versuchsanleitung zu Versuch US3 - Dopplersonographie},
    author={TU Dortmund},
    date={2017-05-19},
    url={http://129.217.224.2/HOMEPAGE/MEDPHYS/BACHELOR/AP/SKRIPT/DopplerSonogr.pdf}
}
