@manuel{351,
    author={TU Dortmund},
    title={Versuchsanleitung zu Versuch-Nr. V351 - Fourier-Analyse und Synthese},
    date={2016-12-21}
    }
